
<record>
<header>
<identifier>oai:revistas.usp.br:article/102498</identifier>
<datestamp>2020-08-15T21:24:06Z</datestamp>
<setSpec>actafisiatrica:Art.+Orig.</setSpec>
<setSpec>driver</setSpec>
</header>
<metadata>
<record xmlns="http://www.loc.gov/MARC21/slim" xmlns:xsi="http://www.w3.org/2001/XMLSchema-instance" xsi:schemaLocation="http://www.loc.gov/MARC21/slim http://www.loc.gov/standards/marcxml/schema/MARC21slim.xsd">
<leader>     nmb a2200000Iu 4500</leader>
<controlfield tag="008">"050409 2005                        eng  "</controlfield>
<datafield tag="022" ind1="#" ind2="#">
<subfield code="$a">2317-0190</subfield>
</datafield>
<datafield tag="022" ind1="#" ind2="#">
<subfield code="$a">0104-7795</subfield>
</datafield>
<datafield tag="042" ind1=" " ind2=" ">
<subfield code="a">dc</subfield>
</datafield>
<datafield tag="245" ind1="0" ind2="0">
<subfield code="a">Avaliação de um manual de exercícios domiciliares para pacientes externos de um ambulatório de bloqueio neuromuscular</subfield>
</datafield>  <datafield tag="720" ind1="1" ind2=" ">
<subfield code="a">Figueiredo, Márcia de Menezes Paranhos</subfield>
<subfield code="u">Divisão de Medicina de Reabilitação - HCFMUSP</subfield></datafield>
<datafield tag="720" ind1="1" ind2=" ">
<subfield code="a">Barbosa, Márcia Cristina Catarino</subfield>
<subfield code="u">Divisão de Medicina de Reabilitação - HCFMUSP</subfield></datafield>
<datafield tag="720" ind1="1" ind2=" ">
<subfield code="a">Moreira, Maria Cecília Santos</subfield>
<subfield code="u">Divisão de Medicina de Reabilitação - HCFMUSP</subfield></datafield>
<datafield tag="520" ind1=" " ind2=" ">
<subfield code="a"> O Acidente Vascular Encefálico (AVE) constitui um grande desafio ao processo de reabilitação por ocasionar, dentre os sintomas secundários, a hemiplegia espástica com hipertonia, redução de força e flexibilidade muscular e alterações osteoarticulares que dificultam a funcionalidade dos pacientes acometidos. Neste contexto, a intervenção fisioterapêutica deve ser freqüente e contínua para minimizar as complicações inerentes a esta enfermidade. O enfoque deste trabalho visou em analisar a aplicabilidade de um programa de exercícios domiciliares para pacientes externos do Ambulatório de Bloqueio Neuromuscular Periférico da Divisão de Medicina Física e Reabilitação do Hospital das Clínicas da Faculdade de Medicina da Universidade de São Paulo (DMR) baseando-se na capacidade dos pacientes e cuidadores em assimilar e compreender a necessidade de executar os exercícios prescritos após a infiltração de toxina botulínica tipo A (TBA). Participaram deste estudo 30 pacientes que não realizavam tratamento na DMR, portadores de hemiplegia espástica após AVE isquêmico ou hemorrágico que foram submetidos à infiltração de TBA nos membros inferiores. O manual proposto continha 13 exercícios e o fisioterapeuta assinalava quais deveriam ser realizados, de acordo com a musculatura infiltrada, com intervalo de tempo especificado a serem executados diariamente. Os exercícios foram demonstrados para esclarecimento de dúvidas pré-existentes. Após 1 mês, os pacientes retornaram ao ambulatório e respondiam um questionário composto por 10 questões que coletavam dados sobre a aplicabilidade do manual de exercícios domiciliares como recurso terapêutico. A partir dos resultados obtidos, constatou-se que o programa foi efetivo pela didática do manual ser compreensível, possibilitando que a maioria dos pacientes realizasse os exercícios ativamente, favorecendo no processo educacional dos pacientes e cuidadores em relação aos cuidados à saúde. No entanto, verificou-se que alguns sujeitos apresentaram dificuldade em executar os exercícios que solicitavam a utilização do membro superior comprometido, sendo sugerido por eles, a inclusão de exercícios complementares que favoreçam a prática da cinesioterapia com a autonomia de execução. Conclui-se que para que o manual seja mais eficiente, é necessária a inserção de diferentes métodos de execução a fim de contemplar todos os pacientes com AVE respeitando o padrão motor apresentado e seus respectivos déficits funcionais. </subfield>
</datafield>
<datafield tag="260" ind1=" " ind2=" ">
<subfield code="b">Faculdade de Medicina, Universidade de São Paulo</subfield>
</datafield>
<dataField tag="260" ind1=" " ind2=" ">
<subfield code="c">2005-04-09 00:00:00</subfield>
</dataField>   <datafield tag="856" ind1=" " ind2=" ">
<subfield code="q">application/pdf</subfield>
</datafield>
<datafield tag="856" ind1="4" ind2="0">
<subfield code="u">https://www.revistas.usp.br/actafisiatrica/article/view/102498</subfield>
</datafield>  <datafield tag="786" ind1="0" ind2=" ">
<subfield code="n">Acta Fisiátrica; v. 12 n. 1 (2005)</subfield>
</datafield>  <datafield tag="546" ind1=" " ind2=" ">
<subfield code="a">por</subfield>
</datafield>   <datafield tag="540" ind1=" " ind2=" ">
<subfield code="a">Copyright (c) 2005 Acta Fisiátrica</subfield>
</datafield>
</record>
</metadata>
</record>