
<record>
<header>
<identifier>oai:revistas.usp.br:article/102500</identifier>
<datestamp>2020-08-15T21:24:11Z</datestamp>
<setSpec>actafisiatrica:Art.+Orig.</setSpec>
<setSpec>driver</setSpec>
</header>
<metadata>
<record xmlns="http://www.loc.gov/MARC21/slim" xmlns:xsi="http://www.w3.org/2001/XMLSchema-instance" xsi:schemaLocation="http://www.loc.gov/MARC21/slim http://www.loc.gov/standards/marcxml/schema/MARC21slim.xsd">
<leader>     nmb a2200000Iu 4500</leader>
<controlfield tag="008">"050409 2005                        eng  "</controlfield>
<datafield tag="022" ind1="#" ind2="#">
<subfield code="$a">2317-0190</subfield>
</datafield>
<datafield tag="022" ind1="#" ind2="#">
<subfield code="$a">0104-7795</subfield>
</datafield>
<datafield tag="042" ind1=" " ind2=" ">
<subfield code="a">dc</subfield>
</datafield>
<datafield tag="245" ind1="0" ind2="0">
<subfield code="a">Avaliação da dor e função de pacientes com lombalgia tratados com um programa de Escola de Coluna</subfield>
</datafield>  <datafield tag="720" ind1="1" ind2=" ">
<subfield code="a">Caraviello, Eliana Zeraib</subfield>
<subfield code="u">Universidade Federal de São Paulo </subfield></datafield>
<datafield tag="720" ind1="1" ind2=" ">
<subfield code="a">Wasserstein, Sílvia</subfield>
<subfield code="u">Universidade Federal de São Paulo</subfield></datafield>
<datafield tag="720" ind1="1" ind2=" ">
<subfield code="a">Chamlian, Therezinha Rosane</subfield>
<subfield code="u">Universidade Federal de São Paulo</subfield></datafield>
<datafield tag="720" ind1="1" ind2=" ">
<subfield code="a">Masiero, Danilo</subfield>
<subfield code="u">Universidade Federal de São Paulo </subfield></datafield>
<datafield tag="520" ind1=" " ind2=" ">
<subfield code="a"> As dores lombares incidem em cerca de 80% da população em algum momento de sua vida, sendo, portanto, um grande problema de saúde pública. O diagnóstico diferencial das doenças da coluna vertebral é bastante amplo, mas sabe-se que boa parte das afecções está relacionada a posturas e movimentos corporais inadequados. Criou-se, portanto, a Escola de Coluna como opção de tratamento a estes pacientes. Neste trabalho avaliamos a dor e a incapacidade funcional dos pacientes, antes e após freqüentarem a Escola de Coluna, através do questionário de Roland-Morris e da Escala Visual Analógica de Dor. Estudamos 30 pacientes no período de maio a novembro de 2004, sendo 86,7% do sexo feminino, com idade média de 48,1 anos, de baixa escolaridade e com excesso de peso (70%). A maioria dos pacientes apresentou melhora da dor (56,7%) e da função (60%) após o término do programa de reabilitação. </subfield>
</datafield>
<datafield tag="260" ind1=" " ind2=" ">
<subfield code="b">Faculdade de Medicina, Universidade de São Paulo</subfield>
</datafield>
<dataField tag="260" ind1=" " ind2=" ">
<subfield code="c">2005-04-09 00:00:00</subfield>
</dataField>   <datafield tag="856" ind1=" " ind2=" ">
<subfield code="q">application/pdf</subfield>
</datafield>
<datafield tag="856" ind1="4" ind2="0">
<subfield code="u">https://www.revistas.usp.br/actafisiatrica/article/view/102500</subfield>
</datafield>  <datafield tag="786" ind1="0" ind2=" ">
<subfield code="n">Acta Fisiátrica; v. 12 n. 1 (2005)</subfield>
</datafield>  <datafield tag="546" ind1=" " ind2=" ">
<subfield code="a">por</subfield>
</datafield>   <datafield tag="540" ind1=" " ind2=" ">
<subfield code="a">Copyright (c) 2005 Acta Fisiátrica</subfield>
</datafield>
</record>
</metadata>
</record>