
<record>
<header>
<identifier>oai:revistas.usp.br:article/102501</identifier>
<datestamp>2020-08-15T21:24:16Z</datestamp>
<setSpec>actafisiatrica:Art.+Orig.</setSpec>
<setSpec>driver</setSpec>
</header>
<metadata>
<record xmlns="http://www.loc.gov/MARC21/slim" xmlns:xsi="http://www.w3.org/2001/XMLSchema-instance" xsi:schemaLocation="http://www.loc.gov/MARC21/slim http://www.loc.gov/standards/marcxml/schema/MARC21slim.xsd">
<leader>     nmb a2200000Iu 4500</leader>
<controlfield tag="008">"050409 2005                        eng  "</controlfield>
<datafield tag="022" ind1="#" ind2="#">
<subfield code="$a">2317-0190</subfield>
</datafield>
<datafield tag="022" ind1="#" ind2="#">
<subfield code="$a">0104-7795</subfield>
</datafield>
<datafield tag="042" ind1=" " ind2=" ">
<subfield code="a">dc</subfield>
</datafield>
<datafield tag="245" ind1="0" ind2="0">
<subfield code="a">A terapia de restrição como forma de aprimoramento da função do membro superior em pacientes com hemiplegia</subfield>
</datafield>  <datafield tag="720" ind1="1" ind2=" ">
<subfield code="a">Riberto, Marcelo</subfield>
<subfield code="u">Universidade de São Paulo. Faculdade de Medicina</subfield><subfield code="0">https://orcid.org/0000-0001-9549-8830</subfield></datafield>
<datafield tag="720" ind1="1" ind2=" ">
<subfield code="a">Monroy, Heloisa Moreira</subfield>
<subfield code="u">Universidade de São Paulo. Faculdade de Medicina</subfield></datafield>
<datafield tag="720" ind1="1" ind2=" ">
<subfield code="a">Kaihami, Harumi Nemoto</subfield>
<subfield code="u">Universidade de São Paulo. Faculdade de Medicina</subfield></datafield>
<datafield tag="720" ind1="1" ind2=" ">
<subfield code="a">Otsubo, Priscilla Pereira dos Santos</subfield>
<subfield code="u">Universidade de São Paulo. Faculdade de Medicina</subfield></datafield>
<datafield tag="720" ind1="1" ind2=" ">
<subfield code="a">Battistella, Linamara Rizzo</subfield>
<subfield code="u">Universidade de São Paulo. Faculdade de Medicina</subfield><subfield code="0">https://orcid.org/0000-0001-5275-0733</subfield></datafield>
<datafield tag="520" ind1=" " ind2=" ">
<subfield code="a"> A terapia de restrição consiste na imobilização do membro superior não comprometido de pacientes hemiplégicos em decorrência de acidente vascular cerebral (AVC) como forma de estímulo ao uso do membro superior que teve a sua força reduzida. Experimentos realizados em algumas amostras específicas de pacientes mostram resultados promissores com essa abordagem. Este estudo teve o objetivo verificar seu efeito numa amostra de pacientes hemiplégicos em processo de reabilitação. Foram selecionados pacientes com AVC há mais de 6 meses que se encontravam em processo de reabilitação e possuíssem força para extensão da mão e dedos de pelo menos 10º de forma voluntária. A aplicação da restrição foi associada a 6 horas de terapia multidisciplinar diariamente em dias de semana e orientada a manutenção das atividades nos finais de semana. Para avaliação dos resultados foram usados os seguintes instrumentos: medida de independência funcional (MIF), teste motor de Wolf (TMW), escala de avaliação das deficiências do AVC (EADAVC) e dinamometria de preensão. Observou-se ganho estatisticamente significante na MIF (108,5 ± 6,4 versus 113 ± 7,3, p = 0,02) e TMW (10,5 ± 6,4s versus 6,5 ± 3,7s, p = 0,006), mas não na EADAVC (56,7 ± 4,4 versus 59,4 ± 8,4, p = 0,16) ou Dinamometria de pressão (16,2 ± 4,5 kgf versus 16,3 ± 5,4 kgf, p = 0,98). A conclusão deste estudo é que a aplicação da técnica de restrição do membro superior em pacientes hemiplégicos pode resultar em ganhos agudamente, indicando um caminho alternativo na abordagem das suas incapacidades. </subfield>
</datafield>
<datafield tag="260" ind1=" " ind2=" ">
<subfield code="b">Faculdade de Medicina, Universidade de São Paulo</subfield>
</datafield>
<dataField tag="260" ind1=" " ind2=" ">
<subfield code="c">2005-04-09 00:00:00</subfield>
</dataField>   <datafield tag="856" ind1=" " ind2=" ">
<subfield code="q">application/pdf</subfield>
</datafield>
<datafield tag="856" ind1="4" ind2="0">
<subfield code="u">https://www.revistas.usp.br/actafisiatrica/article/view/102501</subfield>
</datafield>  <datafield tag="786" ind1="0" ind2=" ">
<subfield code="n">Acta Fisiátrica; v. 12 n. 1 (2005)</subfield>
</datafield>  <datafield tag="546" ind1=" " ind2=" ">
<subfield code="a">por</subfield>
</datafield>   <datafield tag="540" ind1=" " ind2=" ">
<subfield code="a">Copyright (c) 2005 Acta Fisiátrica</subfield>
</datafield>
</record>
</metadata>
</record>