
<record>
<header>
<identifier>oai:revistas.usp.br:article/102507</identifier>
<datestamp>2020-08-15T21:24:20Z</datestamp>
<setSpec>actafisiatrica:Rel.+Caso</setSpec>
<setSpec>driver</setSpec>
</header>
<metadata>
<record xmlns="http://www.loc.gov/MARC21/slim" xmlns:xsi="http://www.w3.org/2001/XMLSchema-instance" xsi:schemaLocation="http://www.loc.gov/MARC21/slim http://www.loc.gov/standards/marcxml/schema/MARC21slim.xsd">
<leader>     nmb a2200000Iu 4500</leader>
<controlfield tag="008">"050409 2005                        eng  "</controlfield>
<datafield tag="022" ind1="#" ind2="#">
<subfield code="$a">2317-0190</subfield>
</datafield>
<datafield tag="022" ind1="#" ind2="#">
<subfield code="$a">0104-7795</subfield>
</datafield>
<datafield tag="042" ind1=" " ind2=" ">
<subfield code="a">dc</subfield>
</datafield>
<datafield tag="245" ind1="0" ind2="0">
<subfield code="a">Utilização do suporte de peso corporal em solo no treino de marcha do lesado medular</subfield>
</datafield>  <datafield tag="720" ind1="1" ind2=" ">
<subfield code="a">Faria, Caroline Del Vecchio de</subfield>
<subfield code="u">Universidade de São Paulo. Faculdade de Medicina</subfield></datafield>
<datafield tag="720" ind1="1" ind2=" ">
<subfield code="a">Moreira, Maria Cecília dos Santos</subfield>
<subfield code="u">Universidade de São Paulo. Faculdade de Medicina</subfield></datafield>
<datafield tag="720" ind1="1" ind2=" ">
<subfield code="a">Barbosa, Márcia Cristina Catarino</subfield>
<subfield code="u">Universidade de São Paulo. Faculdade de Medicina</subfield></datafield>
<datafield tag="720" ind1="1" ind2=" ">
<subfield code="a">Sabbag, Lívia Maria Santos</subfield>
<subfield code="u">Universidade de São Paulo. Faculdade de Medicina</subfield></datafield>
<datafield tag="520" ind1=" " ind2=" ">
<subfield code="a"> O presente trabalho consiste na utilização do suspensor de peso corporal (SPC) como recurso a ser empregado quando o paciente lesado medular alcança a fase de preparação para a marcha, pois permite o treino com a descarga gradativa de peso sobre o solo, proporcionando a adaptação do paciente à atividade, com menor gasto energético. Objetivo: Demonstrar a utilização do suporte de peso corporal como recurso auxiliar no treino de marcha inicial do lesado medular e apontar o ganho funcional, representado pela distância/tempo percorrida, associado ao gasto energético e à freqüência cardíaca. Sujeito: Paciente vítima de acidente automobilístico em 2003, com diagnostico de lesão medular completa, nível T7 hipotônica. Procedimento: O treinamento de marcha com o suspensor de peso corporal constou de 21 sessões com duração de 30 minutos, 2 vezes por semana. Um teste ergoespirométrico foi realizado antes e após o treinamento. Resultados: O paciente apresentou redução da pressão arterial de 150/100 mmHg para 120/80 mmHg, aumento da distância percorrida de 30 m para 70 m, considerável redução do tempo de duração de cada volta e redução da FC de repouso e das FC de pico. Considerando os coeficientes físicos relacionados, freqüência cardíaca média por volta e tempo total de realização do teste, houve expressiva melhora no desempenho físico do paciente. </subfield>
</datafield>
<datafield tag="260" ind1=" " ind2=" ">
<subfield code="b">Faculdade de Medicina, Universidade de São Paulo</subfield>
</datafield>
<dataField tag="260" ind1=" " ind2=" ">
<subfield code="c">2005-04-09 00:00:00</subfield>
</dataField>   <datafield tag="856" ind1=" " ind2=" ">
<subfield code="q">application/pdf</subfield>
</datafield>
<datafield tag="856" ind1="4" ind2="0">
<subfield code="u">https://www.revistas.usp.br/actafisiatrica/article/view/102507</subfield>
</datafield>  <datafield tag="786" ind1="0" ind2=" ">
<subfield code="n">Acta Fisiátrica; v. 12 n. 1 (2005)</subfield>
</datafield>  <datafield tag="546" ind1=" " ind2=" ">
<subfield code="a">por</subfield>
</datafield>   <datafield tag="540" ind1=" " ind2=" ">
<subfield code="a">Copyright (c) 2005 Acta Fisiátrica</subfield>
</datafield>
</record>
</metadata>
</record>