
<record>
<header>
<identifier>oai:revistas.usp.br:article/102510</identifier>
<datestamp>2020-08-15T21:24:25Z</datestamp>
<setSpec>actafisiatrica:Tend.+Refle.</setSpec>
<setSpec>driver</setSpec>
</header>
<metadata>
<record xmlns="http://www.loc.gov/MARC21/slim" xmlns:xsi="http://www.w3.org/2001/XMLSchema-instance" xsi:schemaLocation="http://www.loc.gov/MARC21/slim http://www.loc.gov/standards/marcxml/schema/MARC21slim.xsd">
<leader>     nmb a2200000Iu 4500</leader>
<controlfield tag="008">"050409 2005                        eng  "</controlfield>
<datafield tag="022" ind1="#" ind2="#">
<subfield code="$a">2317-0190</subfield>
</datafield>
<datafield tag="022" ind1="#" ind2="#">
<subfield code="$a">0104-7795</subfield>
</datafield>
<datafield tag="042" ind1=" " ind2=" ">
<subfield code="a">dc</subfield>
</datafield>
<datafield tag="245" ind1="0" ind2="0">
<subfield code="a">Medicina e arte: observações para um diálogo interdisciplinar</subfield>
</datafield>  <datafield tag="100" ind1="1" ind2=" ">
<subfield code="a">Cherem, Alfredo Jorge</subfield>
<subfield code="u">Universidade Federal de Santa Catarina</subfield></datafield>
<datafield tag="520" ind1=" " ind2=" ">
<subfield code="a"> Partindo de métodos não invasivos, algumas especialidades médicas encontram-se envolvidas com a questão do diagnóstico e avaliação da incapacidade provocada pelos distúrbios osteomusculares relacionados ao trabalho. O que se espera das mesmas é que desenvolvam conhecimentos próprios e singulares, mas em interlocução com outras áreas, devendo-se salientar o fato de que, a partir de concepções exclusivamente técnicas, os especialistas nem sempre reconhecem que a medicina é uma ciência que durante um longo período foi também uma arte. Daí que atentar para esse elo pode resultar num alargamento do próprio horizonte interdisciplinar. Relacionando medicina e arte, o presente texto pretende contribuir para que o entendimento do especialista seja enriquecido através da história dos sinais e sintomas que insidem sobre o corpo. Tais conhecimentos, vindos desde o renascimento e legados pelos artistas como Leonardo Da Vinci, Miguelangelo e Vesálio permitem reconhecer, ainda que por via aparentemente distante e indireta, um meio para que nos tornemos mais atentos e criteriosos na observação de detalhes. Transitando do histórico para o exame físico do paciente, até chegar a uma diagnóstico preciso, o médico poderá reduzir ao mínimo necessário a solicitação de exames complementares e a recomendação de práticas invasivas. </subfield>
</datafield>
<datafield tag="260" ind1=" " ind2=" ">
<subfield code="b">Faculdade de Medicina, Universidade de São Paulo</subfield>
</datafield>
<dataField tag="260" ind1=" " ind2=" ">
<subfield code="c">2005-04-09 00:00:00</subfield>
</dataField>   <datafield tag="856" ind1=" " ind2=" ">
<subfield code="q">application/pdf</subfield>
</datafield>
<datafield tag="856" ind1="4" ind2="0">
<subfield code="u">https://www.revistas.usp.br/actafisiatrica/article/view/102510</subfield>
</datafield>  <datafield tag="786" ind1="0" ind2=" ">
<subfield code="n">Acta Fisiátrica; v. 12 n. 1 (2005)</subfield>
</datafield>  <datafield tag="546" ind1=" " ind2=" ">
<subfield code="a">por</subfield>
</datafield>   <datafield tag="540" ind1=" " ind2=" ">
<subfield code="a">Copyright (c) 2005 Acta Fisiátrica</subfield>
</datafield>
</record>
</metadata>
</record>