
<record>
<header>
<identifier>oai:revistas.usp.br:article/102523</identifier>
<datestamp>2020-08-15T21:26:21Z</datestamp>
<setSpec>actafisiatrica:Art.+Orig.</setSpec>
<setSpec>driver</setSpec>
</header>
<metadata>
<record xmlns="http://www.loc.gov/MARC21/slim" xmlns:xsi="http://www.w3.org/2001/XMLSchema-instance" xsi:schemaLocation="http://www.loc.gov/MARC21/slim http://www.loc.gov/standards/marcxml/schema/MARC21slim.xsd">
<leader>     nmb a2200000Iu 4500</leader>
<controlfield tag="008">"050809 2005                        eng  "</controlfield>
<datafield tag="022" ind1="#" ind2="#">
<subfield code="$a">2317-0190</subfield>
</datafield>
<datafield tag="022" ind1="#" ind2="#">
<subfield code="$a">0104-7795</subfield>
</datafield>
<datafield tag="042" ind1=" " ind2=" ">
<subfield code="a">dc</subfield>
</datafield>
<datafield tag="245" ind1="0" ind2="0">
<subfield code="a">Comparação do ganho de flexibilidade isquiotibial com diferentes técnicas de alongamento passivo</subfield>
</datafield>  <datafield tag="720" ind1="1" ind2=" ">
<subfield code="a">Bonvicine, Cristiane</subfield>
<subfield code="u">Hospital de Base.  Faculdade de Medicina de São José do Rio Preto</subfield></datafield>
<datafield tag="720" ind1="1" ind2=" ">
<subfield code="a">Gonçalves, Claus</subfield>
<subfield code="u">Hospital de Base.  Faculdade de Medicina de São José do Rio Preto</subfield></datafield>
<datafield tag="720" ind1="1" ind2=" ">
<subfield code="a">Batigália, Fernando</subfield>
<subfield code="u">Hospital de Base.  Faculdade de Medicina de São José do Rio Preto</subfield></datafield>
<datafield tag="520" ind1=" " ind2=" ">
<subfield code="a"> Embora vários estudos tenham investigado os efeitos dos exercícios na amplitude de movimento e rigidez articular, a duração ideal do alongamento ainda não foi determinada. Este estudo objetivou comparar os efeitos de duas diferentes técnicas de alongamento muscular isquiotibial repetitivo passivo quanto ao ganho de amplitude de movimento, durante quatro semanas. Foram estudadas 30 mulheres, voluntárias, de mesma faixa etária, divididas em dois grupos de quinze. Foi realizada a goniometria da flexão de quadril de ambos os membros inferiores das 30 voluntárias. O grupo estudado recebeu uma sessão de alongamento sustentado por 60 segundos no membro inferior direito e 2 sessões de alongamento de 20 segundos, com intervalo de 10 segundos, no membro inferior esquerdo. As outras 15 participantes constituíram o grupo controle e não receberam nenhuma intervenção. A comparação do ganho de alongamento entre os grupos foi realizada pelo teste t de Student (amostras de distribuição normal), teste t para amostras variáveis (amostras de distribuição não normal), e teste t pareado (para a comparação entre as duas sessões de alongamento). O ganho de alongamento no membro inferior direito no grupo tratado foi significativo (p&lt;0.001), assim como o ganho de alongamento no membro inferior esquerdo (p&lt;0.001). A variação da amplitude de movimento no grupo controle não foi significante (p=0,80). O ganho de amplitude de movimento foi maior no membro inferior direito (p=0,001). O ganho de amplitude de movimento para a musculatura isquiotibial mostrou ser maior em sessões de alongamento passivo de uma série de 60 segundos cada. </subfield>
</datafield>
<datafield tag="260" ind1=" " ind2=" ">
<subfield code="b">Faculdade de Medicina, Universidade de São Paulo</subfield>
</datafield>
<dataField tag="260" ind1=" " ind2=" ">
<subfield code="c">2005-08-09 00:00:00</subfield>
</dataField>   <datafield tag="856" ind1=" " ind2=" ">
<subfield code="q">application/pdf</subfield>
</datafield>
<datafield tag="856" ind1="4" ind2="0">
<subfield code="u">https://www.revistas.usp.br/actafisiatrica/article/view/102523</subfield>
</datafield>  <datafield tag="786" ind1="0" ind2=" ">
<subfield code="n">Acta Fisiátrica; v. 12 n. 2 (2005)</subfield>
</datafield>  <datafield tag="546" ind1=" " ind2=" ">
<subfield code="a">por</subfield>
</datafield>   <datafield tag="540" ind1=" " ind2=" ">
<subfield code="a">Copyright (c) 2005 Acta Fisiátrica</subfield>
</datafield>
</record>
</metadata>
</record>