
<record>
<header>
<identifier>oai:revistas.usp.br:article/102525</identifier>
<datestamp>2020-08-15T21:26:28Z</datestamp>
<setSpec>actafisiatrica:Art.+Orig.</setSpec>
<setSpec>driver</setSpec>
</header>
<metadata>
<record xmlns="http://www.loc.gov/MARC21/slim" xmlns:xsi="http://www.w3.org/2001/XMLSchema-instance" xsi:schemaLocation="http://www.loc.gov/MARC21/slim http://www.loc.gov/standards/marcxml/schema/MARC21slim.xsd">
<leader>     nmb a2200000Iu 4500</leader>
<controlfield tag="008">"050809 2005                        eng  "</controlfield>
<datafield tag="022" ind1="#" ind2="#">
<subfield code="$a">2317-0190</subfield>
</datafield>
<datafield tag="022" ind1="#" ind2="#">
<subfield code="$a">0104-7795</subfield>
</datafield>
<datafield tag="042" ind1=" " ind2=" ">
<subfield code="a">dc</subfield>
</datafield>
<datafield tag="245" ind1="0" ind2="0">
<subfield code="a">Avaliação dos sintomas de disfunção miccional em crianças e adolescentes com paralisia cerebral</subfield>
</datafield>  <datafield tag="720" ind1="1" ind2=" ">
<subfield code="a">Amaral, Cássia Maria Carvalho Abrantes do</subfield>
<subfield code="u">Universidade Federal de São Paulo</subfield></datafield>
<datafield tag="720" ind1="1" ind2=" ">
<subfield code="a">Carvalhaes, João Tomás de Abreu</subfield>
<subfield code="u">Universidade Federal de São Paulo</subfield></datafield>
<datafield tag="520" ind1=" " ind2=" ">
<subfield code="a"> Avaliar as disfunções do trato urinário inferior (DTUI) em pacientes com paralisia cerebral (PC) e sua relação com variáveis como: diagnóstico neurológico, idade, sexo, realização ou não de pré-natal durante o período gestacional, peso ao nascimento, deambulação, fala, cognitivo, constipação intestinal e história de infecção do trato urinário (ITU), além de verificar, entre os casos estudados, a presença de bexiga neurogênica. Métodos: Estudo transversal que avaliou 100 pacientes com idade entre 2 e 18 anos completos com diagnóstico de PC que compareceram em consulta pediátrica no ambulatório de pediatria da Associação de Assistência à Criança Deficiente (AACD), sem deficiência mental (DM) grave através de avaliação psicológica de QI, entrevista pediátrica e estudo urodinâmico. Resultados: Após a avaliação de 100 casos de PC entre crianças e adolescentes de 2 a 18 anos, foram verificados 30 casos de pacientes com sintomas urinários, 11 destes com quadros urológicos de bexiga neurogênica. Entre as variáveis analisadas, apenas a média de idade (9,35 anos) apresentou relação estatisticamente significativa com a presença de sintomas urinários. Conclusão: As crianças e adolescentes com PC apresentaram sintomas de disfunções do trato urinário independente das variáveis analisadas, exceto pela idade, o que pode estar relacionado talvez à menor gravidade de seus quadros de DM e deficiência motora. Entre os pacientes com sintomas urinários, 11 apresentaram estudos urodinâmicos compatíveis com bexiga neurogênica (36,67%). O diagnóstico dos sintomas de disfunção do trato urinário precoce tem como objetivo evitar possíveis alterações do trato urinário superior, além de significar um tratamento preventivo para estes pacientes, proporcionando uma melhora de qualidade de vida e ajudando no processo de sua reabilitação e incorporação à sociedade. </subfield>
</datafield>
<datafield tag="260" ind1=" " ind2=" ">
<subfield code="b">Faculdade de Medicina, Universidade de São Paulo</subfield>
</datafield>
<dataField tag="260" ind1=" " ind2=" ">
<subfield code="c">2005-08-09 00:00:00</subfield>
</dataField>   <datafield tag="856" ind1=" " ind2=" ">
<subfield code="q">application/pdf</subfield>
</datafield>
<datafield tag="856" ind1="4" ind2="0">
<subfield code="u">https://www.revistas.usp.br/actafisiatrica/article/view/102525</subfield>
</datafield>  <datafield tag="786" ind1="0" ind2=" ">
<subfield code="n">Acta Fisiátrica; v. 12 n. 2 (2005)</subfield>
</datafield>  <datafield tag="546" ind1=" " ind2=" ">
<subfield code="a">por</subfield>
</datafield>   <datafield tag="540" ind1=" " ind2=" ">
<subfield code="a">Copyright (c) 2005 Acta Fisiátrica</subfield>
</datafield>
</record>
</metadata>
</record>