
<record>
<header>
<identifier>oai:revistas.usp.br:article/102526</identifier>
<datestamp>2020-08-15T21:26:32Z</datestamp>
<setSpec>actafisiatrica:Art.+Orig.</setSpec>
<setSpec>driver</setSpec>
</header>
<metadata>
<record xmlns="http://www.loc.gov/MARC21/slim" xmlns:xsi="http://www.w3.org/2001/XMLSchema-instance" xsi:schemaLocation="http://www.loc.gov/MARC21/slim http://www.loc.gov/standards/marcxml/schema/MARC21slim.xsd">
<leader>     nmb a2200000Iu 4500</leader>
<controlfield tag="008">"050809 2005                        eng  "</controlfield>
<datafield tag="022" ind1="#" ind2="#">
<subfield code="$a">2317-0190</subfield>
</datafield>
<datafield tag="022" ind1="#" ind2="#">
<subfield code="$a">0104-7795</subfield>
</datafield>
<datafield tag="042" ind1=" " ind2=" ">
<subfield code="a">dc</subfield>
</datafield>
<datafield tag="245" ind1="0" ind2="0">
<subfield code="a">Impacto da hospitalização na independência funcional do idoso em tratamento clínico</subfield>
</datafield>  <datafield tag="720" ind1="1" ind2=" ">
<subfield code="a">Kawasaki, Kozue</subfield>
<subfield code="u">Universidade Estadual de Campinas. Faculdade de Ciências Médicas</subfield></datafield>
<datafield tag="720" ind1="1" ind2=" ">
<subfield code="a">Diogo, Maria José D’Elboux</subfield>
<subfield code="u">Universidade Estadual de Campinas. Faculdade de Ciências Médicas</subfield></datafield>
<datafield tag="520" ind1=" " ind2=" ">
<subfield code="a"> O objetivo geral deste trabalho foi avaliar a independência funcional de idosos hospitalizados em unidades de clínica médica. O estudo foi realizado em um hospital universitário do município de Campinas, SP, com 28 idosos de ambos os sexos, internados para tratamento clínico, com idade média de 68 anos. Foi utilizado o instrumento de Medida da Independência Funcional (MIF) no momento da internaçao, durante o período de hospitalizaçao, no momento da alta e um mês após a alta hospitalar. Foi possível observar uma diminuiçao nos valores da MIF total e seus domínios durante a hospitalizaçao, quando comparado a admissao (média: 109,2±14,0), a alta (média: 97,8±19,4) e um mês após o retorno ao domicílio (média: 114,4±14,1), com diferença significativa (p&lt;0,05)nos valores da MIF da alta hospitalar ao domicílio, e da admissao a alta hospitalar, na MIF total e nos seus domínios. Durante a internaçao, houve declínio dos escores das tarefas da MIF de autocuidado, de controle da urina, de transferência, de locomoçao e de resoluçao de problemas. Conclusão: os resultados mostraram a ocorrência de declínio da independência funcional durante o período de hospitalizaçao e recuperaçao funcional após retorno ao domicílio. </subfield>
</datafield>
<datafield tag="260" ind1=" " ind2=" ">
<subfield code="b">Faculdade de Medicina, Universidade de São Paulo</subfield>
</datafield>
<dataField tag="260" ind1=" " ind2=" ">
<subfield code="c">2005-08-09 00:00:00</subfield>
</dataField>   <datafield tag="856" ind1=" " ind2=" ">
<subfield code="q">application/pdf</subfield>
</datafield>
<datafield tag="856" ind1="4" ind2="0">
<subfield code="u">https://www.revistas.usp.br/actafisiatrica/article/view/102526</subfield>
</datafield>  <datafield tag="786" ind1="0" ind2=" ">
<subfield code="n">Acta Fisiátrica; v. 12 n. 2 (2005)</subfield>
</datafield>  <datafield tag="546" ind1=" " ind2=" ">
<subfield code="a">por</subfield>
</datafield>   <datafield tag="540" ind1=" " ind2=" ">
<subfield code="a">Copyright (c) 2005 Acta Fisiátrica</subfield>
</datafield>
</record>
</metadata>
</record>