
<record>
<header>
<identifier>oai:revistas.usp.br:article/102527</identifier>
<datestamp>2020-08-15T21:26:36Z</datestamp>
<setSpec>actafisiatrica:Art.+Orig.</setSpec>
<setSpec>driver</setSpec>
</header>
<metadata>
<record xmlns="http://www.loc.gov/MARC21/slim" xmlns:xsi="http://www.w3.org/2001/XMLSchema-instance" xsi:schemaLocation="http://www.loc.gov/MARC21/slim http://www.loc.gov/standards/marcxml/schema/MARC21slim.xsd">
<leader>     nmb a2200000Iu 4500</leader>
<controlfield tag="008">"050809 2005                        eng  "</controlfield>
<datafield tag="022" ind1="#" ind2="#">
<subfield code="$a">2317-0190</subfield>
</datafield>
<datafield tag="022" ind1="#" ind2="#">
<subfield code="$a">0104-7795</subfield>
</datafield>
<datafield tag="042" ind1=" " ind2=" ">
<subfield code="a">dc</subfield>
</datafield>
<datafield tag="245" ind1="0" ind2="0">
<subfield code="a">Independência funcional de pacientes com lesão medular</subfield>
</datafield>  <datafield tag="720" ind1="1" ind2=" ">
<subfield code="a">Riberto, Marcelo</subfield>
<subfield code="u">Universidade de São Paulo. Faculdade de Medicina</subfield><subfield code="0">https://orcid.org/0000-0001-9549-8830</subfield></datafield>
<datafield tag="720" ind1="1" ind2=" ">
<subfield code="a">Pinto, Paulo Potiguara Novazzi</subfield>
<subfield code="u">Universidade de São Paulo. Faculdade de Medicina</subfield></datafield>
<datafield tag="720" ind1="1" ind2=" ">
<subfield code="a">Sakamoto, Hatsue</subfield>
<subfield code="u">Universidade de São Paulo. Faculdade de Medicina</subfield></datafield>
<datafield tag="720" ind1="1" ind2=" ">
<subfield code="a">Battistella, Linamara Rizzo</subfield>
<subfield code="u">Universidade de São Paulo. Faculdade de Medicina</subfield><subfield code="0">https://orcid.org/0000-0001-5275-0733</subfield></datafield>
<datafield tag="520" ind1=" " ind2=" ">
<subfield code="a"> Conhecer a apresentação dos pacientes com lesão medular em termos de independência funcional permite aos serviços de reabilitação estruturarem-se para atenderem às demandas dessa população de forma mais eficiente. Com o objetivo de descrever tal padrão de funcionalidade, 150 relatórios de alta de pacientes com lesão medular de dois centros de reabilitação no período de 2000 a 2003 foram consultados para obtenção de dados clínicos, demográficos e da medida de independência funcional. Homens corresponderam a 72% da amostra, com média de idade de 33,8 ± 14,2 anos, sendo 21,3% dos casos devido a lesões não-traumáticas. Entre as lesões traumáticas, 30,5% em nível cervical, 52,5% torácicas e 17% lombares. O período médio de lesão foi de 22,6 ± 46,7 meses. No início do programa de reabilitação, Escadas (11,2%) e Vestir a metade inferior do corpo (24%) foram as tarefas nas quais menos pacientes apresentavam independência funcional, enquanto Alimentação (68,4%) e Higiene pessoal (51,6%) apresentaram maior independência. O período decorrido desde a instalação da lesão esteve diretamente associado a ao valor da MIF motora no início da reabilitação, confirmando a impressão clinica de que mesmo sem a orientação profissional os pacientes com lesão medular desenvolvem algum grau de independência funcional em virtude das necessidades enfrentadas no dia-a-dia. O atendimento de reabilitação ao paciente com lesão medular deve ser o mais precoce possível a fim de propiciar a aquisição de melhor desempenho em menor tempo e de formas mais apropriadas, pois por vezes a independência atingida faz-se às custas de comprometimento de segurança ou maior custo energético. </subfield>
</datafield>
<datafield tag="260" ind1=" " ind2=" ">
<subfield code="b">Faculdade de Medicina, Universidade de São Paulo</subfield>
</datafield>
<dataField tag="260" ind1=" " ind2=" ">
<subfield code="c">2005-08-09 00:00:00</subfield>
</dataField>   <datafield tag="856" ind1=" " ind2=" ">
<subfield code="q">application/pdf</subfield>
</datafield>
<datafield tag="856" ind1="4" ind2="0">
<subfield code="u">https://www.revistas.usp.br/actafisiatrica/article/view/102527</subfield>
</datafield>  <datafield tag="786" ind1="0" ind2=" ">
<subfield code="n">Acta Fisiátrica; v. 12 n. 2 (2005)</subfield>
</datafield>  <datafield tag="546" ind1=" " ind2=" ">
<subfield code="a">por</subfield>
</datafield>   <datafield tag="540" ind1=" " ind2=" ">
<subfield code="a">Copyright (c) 2005 Acta Fisiátrica</subfield>
</datafield>
</record>
</metadata>
</record>