
<record>
<header>
<identifier>oai:revistas.usp.br:article/102528</identifier>
<datestamp>2020-08-15T21:26:41Z</datestamp>
<setSpec>actafisiatrica:Art.+Orig.</setSpec>
<setSpec>driver</setSpec>
</header>
<metadata>
<record xmlns="http://www.loc.gov/MARC21/slim" xmlns:xsi="http://www.w3.org/2001/XMLSchema-instance" xsi:schemaLocation="http://www.loc.gov/MARC21/slim http://www.loc.gov/standards/marcxml/schema/MARC21slim.xsd">
<leader>     nmb a2200000Iu 4500</leader>
<controlfield tag="008">"050809 2005                        eng  "</controlfield>
<datafield tag="022" ind1="#" ind2="#">
<subfield code="$a">2317-0190</subfield>
</datafield>
<datafield tag="022" ind1="#" ind2="#">
<subfield code="$a">0104-7795</subfield>
</datafield>
<datafield tag="042" ind1=" " ind2=" ">
<subfield code="a">dc</subfield>
</datafield>
<datafield tag="245" ind1="0" ind2="0">
<subfield code="a">Influência da transferência reto-femoral na excursão dos joelhos em pacientes com paralisia cerebral</subfield>
</datafield>  <datafield tag="720" ind1="1" ind2=" ">
<subfield code="a">Binha, Anny Michelly Paquier</subfield>
<subfield code="u">Associação de Assistência à Criança Deficiente</subfield></datafield>
<datafield tag="720" ind1="1" ind2=" ">
<subfield code="a">Cristante, Adriana Rosa Lovisotto</subfield>
<subfield code="u">Associação de Assistência à Criança Deficiente</subfield></datafield>
<datafield tag="720" ind1="1" ind2=" ">
<subfield code="a">Alonso, Gláucia Somensi de Oliveira</subfield>
<subfield code="u">Associação de Assistência à Criança Deficiente</subfield></datafield>
<datafield tag="720" ind1="1" ind2=" ">
<subfield code="a">Morais Filho, Mauro César</subfield>
<subfield code="u">Associação de Assistência à Criança Deficiente</subfield></datafield>
<datafield tag="720" ind1="1" ind2=" ">
<subfield code="a">Juliano, Yara</subfield>
<subfield code="u">Universidade de Santo Amaro</subfield></datafield>
<datafield tag="520" ind1=" " ind2=" ">
<subfield code="a"> A marcha com o joelho rígido é um padrão comum na paralisia cerebral e a etiologia, em muitos casos, é a espasticidade do músculo reto-femoral. A transferência deste músculo para flexor de joelho tem sido usada como tratamento, porém com resultados variados. Para avaliar a efetividade deste procedimento, vinte e oito pacientes com paralisia cerebral tipo diparesia espástica, submetidos à transferência do reto-femoral, foram estudados retrospectivamente. No subgrupo A (n=16), os pacientes não usavam órteses ou auxiliares para marcha e enquanto que no subgrupo B (n=12) sim. Foi considerado como critério de inclusão a realização da análise computadorizada da marcha antes e após cirurgia. O objetivo foi avaliar o efeito do tratamento no arco de movimento dos joelhos (cinemática) e na qualidade de vida dos pacientes (questionário). Resultados mostraram aumento do arco de movimento dos joelhos para os dois subgrupos (p=0,006 para o A e p=0,045 para B). A avaliação subjetiva (questionário) demonstrou alto nível de satisfação após tratamento apesar dos familiares responderem que quase não houve mudanças nas atividades de vida diária. Os resultados sugerem ser necessário uma investigação adicional para identificar outros fatores que poderiam alterar os resultados e que, um instrumento mais objetivo, como o GMFM é uma opção melhor para avaliação funcional. </subfield>
</datafield>
<datafield tag="260" ind1=" " ind2=" ">
<subfield code="b">Faculdade de Medicina, Universidade de São Paulo</subfield>
</datafield>
<dataField tag="260" ind1=" " ind2=" ">
<subfield code="c">2005-08-09 00:00:00</subfield>
</dataField>   <datafield tag="856" ind1=" " ind2=" ">
<subfield code="q">application/pdf</subfield>
</datafield>
<datafield tag="856" ind1="4" ind2="0">
<subfield code="u">https://www.revistas.usp.br/actafisiatrica/article/view/102528</subfield>
</datafield>  <datafield tag="786" ind1="0" ind2=" ">
<subfield code="n">Acta Fisiátrica; v. 12 n. 2 (2005)</subfield>
</datafield>  <datafield tag="546" ind1=" " ind2=" ">
<subfield code="a">por</subfield>
</datafield>   <datafield tag="540" ind1=" " ind2=" ">
<subfield code="a">Copyright (c) 2005 Acta Fisiátrica</subfield>
</datafield>
</record>
</metadata>
</record>