
<record>
<header>
<identifier>oai:revistas.usp.br:article/102529</identifier>
<datestamp>2020-08-15T21:26:44Z</datestamp>
<setSpec>actafisiatrica:Tend.+Refle.</setSpec>
<setSpec>driver</setSpec>
</header>
<metadata>
<record xmlns="http://www.loc.gov/MARC21/slim" xmlns:xsi="http://www.w3.org/2001/XMLSchema-instance" xsi:schemaLocation="http://www.loc.gov/MARC21/slim http://www.loc.gov/standards/marcxml/schema/MARC21slim.xsd">
<leader>     nmb a2200000Iu 4500</leader>
<controlfield tag="008">"050809 2005                        eng  "</controlfield>
<datafield tag="022" ind1="#" ind2="#">
<subfield code="$a">2317-0190</subfield>
</datafield>
<datafield tag="022" ind1="#" ind2="#">
<subfield code="$a">0104-7795</subfield>
</datafield>
<datafield tag="042" ind1=" " ind2=" ">
<subfield code="a">dc</subfield>
</datafield>
<datafield tag="245" ind1="0" ind2="0">
<subfield code="a">Identidade, é possível esquecê-la?</subfield>
</datafield>  <datafield tag="100" ind1="1" ind2=" ">
<subfield code="a">Schewinsky, Sandra Regina</subfield>
<subfield code="u">Universidade de São Paulo. Faculdade de Medicina</subfield></datafield>
<datafield tag="520" ind1=" " ind2=" ">
<subfield code="a"> O presente trabalho tem como objetivo uma reflexão sobre as dificuldades e sofrimentos impingidos à pessoa que apresenta prejuízos de memória, principalmente no tocante a sua identidade, em função de um acometimento mórbido cerebral que acarretou déficits cognitivos, além da instalação da Hemiplegia. Para adentrar este percurso utilizarei o referencial teórico da Psicologia Sócio-Histórica, pois o indivíduo desenvolve-se com suas peculiaridades e singularidades em um processo dialético na interação com o meio e com o outro. Será discutido porque os déficits de memória podem ser tão dramáticos, interferindo na consciência, na atividade, afetividade e identidade da pessoa. Finalmente como o atendimento de reabilitação pode facultar o processo de metamorfose da identidade do paciente. </subfield>
</datafield>
<datafield tag="260" ind1=" " ind2=" ">
<subfield code="b">Faculdade de Medicina, Universidade de São Paulo</subfield>
</datafield>
<dataField tag="260" ind1=" " ind2=" ">
<subfield code="c">2005-08-09 00:00:00</subfield>
</dataField>   <datafield tag="856" ind1=" " ind2=" ">
<subfield code="q">application/pdf</subfield>
</datafield>
<datafield tag="856" ind1="4" ind2="0">
<subfield code="u">https://www.revistas.usp.br/actafisiatrica/article/view/102529</subfield>
</datafield>  <datafield tag="786" ind1="0" ind2=" ">
<subfield code="n">Acta Fisiátrica; v. 12 n. 2 (2005)</subfield>
</datafield>  <datafield tag="546" ind1=" " ind2=" ">
<subfield code="a">por</subfield>
</datafield>   <datafield tag="540" ind1=" " ind2=" ">
<subfield code="a">Copyright (c) 2005 Acta Fisiátrica</subfield>
</datafield>
</record>
</metadata>
</record>