
<record>
<header>
<identifier>oai:revistas.usp.br:article/102530</identifier>
<datestamp>2020-08-15T21:29:27Z</datestamp>
<setSpec>actafisiatrica:Art.+Orig.</setSpec>
<setSpec>driver</setSpec>
</header>
<metadata>
<record xmlns="http://www.loc.gov/MARC21/slim" xmlns:xsi="http://www.w3.org/2001/XMLSchema-instance" xsi:schemaLocation="http://www.loc.gov/MARC21/slim http://www.loc.gov/standards/marcxml/schema/MARC21slim.xsd">
<leader>     nmb a2200000Iu 4500</leader>
<controlfield tag="008">"051209 2005                        eng  "</controlfield>
<datafield tag="022" ind1="#" ind2="#">
<subfield code="$a">2317-0190</subfield>
</datafield>
<datafield tag="022" ind1="#" ind2="#">
<subfield code="$a">0104-7795</subfield>
</datafield>
<datafield tag="042" ind1=" " ind2=" ">
<subfield code="a">dc</subfield>
</datafield>
<datafield tag="245" ind1="0" ind2="0">
<subfield code="a">Avaliação da neuropatia periférica: correlação entre a sensibilidade cutânea dos pés, achados clínicos e eletroneuromiográficos</subfield>
</datafield>  <datafield tag="720" ind1="1" ind2=" ">
<subfield code="a">Souza, Ary</subfield>
<subfield code="u">Instituto Lauro de Souza Lima</subfield></datafield>
<datafield tag="720" ind1="1" ind2=" ">
<subfield code="a">Nery, Caio Augusto de Souza</subfield>
<subfield code="u">Universidade Federal de São Paulo</subfield></datafield>
<datafield tag="720" ind1="1" ind2=" ">
<subfield code="a">Marciano, Lúcia Helena Soares Camargo</subfield>
<subfield code="u">Instituto Lauro de Souza Lima</subfield></datafield>
<datafield tag="720" ind1="1" ind2=" ">
<subfield code="a">Garbino, José Antonio</subfield>
<subfield code="u">Instituto Lauro de Souza Lima</subfield></datafield>
<datafield tag="520" ind1=" " ind2=" ">
<subfield code="a"> Objetivo: Avaliar a eficácia dos monofilamentos de Semmes-Weinstein no diagnóstico e prognóstico do pé com neuropatia diabética. Método: Estudo prospectivo em 35 pacientes diabéticos tipo II. Os pacientes foram submetidos a um protocolo contendo anamnese, levantamento das queixas, exames clínicos, estudo neurofisiológico e pesquisa da sensibilidade cutânea nos pés. Resultado: Pôde-se constatar bom grau de concordância entre os monofilamentos de Semmes-Weinstein e o estudo neurofisiológico. Os monofilamentos de Semmes-Weinstein se revelaram sensíveis para detectar pacientes com algum tipo de alteração. Discussão: constatou-se bom grau de coincidência entre os monofilamentos de Semmes-Weinstein e o estudo neurofisiológico expresso pelo coeficiente de correlação de Spearman (r= 0,677). Os monofilamentos de Semmes-Weinstein demonstraram ser eficazes na detecção de alterações da sensibilidade cutânea, observando-se que 91% dos pacientes apresentaram variações entre os graus 2 e 5. O estudo neurofisiológico detectou 69% dos pacientes na faixa de 2 a 5 graus. A maior diferença entre os dois métodos ficou evidenciada nos pacientes sem comprometimento (grau 1), demonstrando uma sensibilidade mais elevada dos monofilamentos de Semmes-Weinstein. O estudo também mostrou uma boa correlação entre o comprometimento clínico dos pacientes com os déficits neurológicos medidos pelos monofilamentos de Semmes-Weinstein. Conclusão: os monofilamentos de Semmes-Weinstein são confiáveis para diagnosticar a neuropatia diabética dos pés. Há correlação entre os achados neurofisiológicos e os critérios clínicos obtidos com os monofilamentos. Os monofilamentos de Semmes-Weinstein ajudam na avaliação do prognóstico e evolução do pé diabético e podem ser utilizados com segurança na avaliação dos pés com neuropatia periférica. </subfield>
</datafield>
<datafield tag="260" ind1=" " ind2=" ">
<subfield code="b">Faculdade de Medicina, Universidade de São Paulo</subfield>
</datafield>
<dataField tag="260" ind1=" " ind2=" ">
<subfield code="c">2005-12-09 00:00:00</subfield>
</dataField>   <datafield tag="856" ind1=" " ind2=" ">
<subfield code="q">application/pdf</subfield>
</datafield>
<datafield tag="856" ind1="4" ind2="0">
<subfield code="u">https://www.revistas.usp.br/actafisiatrica/article/view/102530</subfield>
</datafield>  <datafield tag="786" ind1="0" ind2=" ">
<subfield code="n">Acta Fisiátrica; v. 12 n. 3 (2005)</subfield>
</datafield>  <datafield tag="546" ind1=" " ind2=" ">
<subfield code="a">por</subfield>
</datafield>   <datafield tag="540" ind1=" " ind2=" ">
<subfield code="a">Copyright (c) 2005 Acta Fisiátrica</subfield>
</datafield>
</record>
</metadata>
</record>