
<record>
<header>
<identifier>oai:revistas.usp.br:article/102531</identifier>
<datestamp>2020-08-15T21:29:22Z</datestamp>
<setSpec>actafisiatrica:Art.+Orig.</setSpec>
<setSpec>driver</setSpec>
</header>
<metadata>
<record xmlns="http://www.loc.gov/MARC21/slim" xmlns:xsi="http://www.w3.org/2001/XMLSchema-instance" xsi:schemaLocation="http://www.loc.gov/MARC21/slim http://www.loc.gov/standards/marcxml/schema/MARC21slim.xsd">
<leader>     nmb a2200000Iu 4500</leader>
<controlfield tag="008">"051209 2005                        eng  "</controlfield>
<datafield tag="022" ind1="#" ind2="#">
<subfield code="$a">2317-0190</subfield>
</datafield>
<datafield tag="022" ind1="#" ind2="#">
<subfield code="$a">0104-7795</subfield>
</datafield>
<datafield tag="042" ind1=" " ind2=" ">
<subfield code="a">dc</subfield>
</datafield>
<datafield tag="245" ind1="0" ind2="0">
<subfield code="a">Efeitos do treinamento aeróbio na qualidade de vida e na capacidade funcional de indivíduos hemiparéticos crônicos</subfield>
</datafield>  <datafield tag="720" ind1="1" ind2=" ">
<subfield code="a">Moura, Regina Márcia Faria de</subfield>
<subfield code="u">Centro Universitário Newton Paiva</subfield></datafield>
<datafield tag="720" ind1="1" ind2=" ">
<subfield code="a">Lima, Renata Cristina Magalhães</subfield>
<subfield code="u">Centro Universitário Newton Paiva</subfield></datafield>
<datafield tag="720" ind1="1" ind2=" ">
<subfield code="a">Lage, Diana Cunha</subfield>
<subfield code="u">Centro Universitário Newton Paiva</subfield></datafield>
<datafield tag="720" ind1="1" ind2=" ">
<subfield code="a">Amaral, Emiliana Alcântara Alves</subfield>
<subfield code="u">Centro Universitário Newton Paiva</subfield></datafield>
<datafield tag="520" ind1=" " ind2=" ">
<subfield code="a"> Indivíduos com seqüela do acidente vascular cerebral (AVC) apresentam, na maioria das vezes, um alto custo energético durante a realização das atividades e apesar das evidências dessa alteração após o AVC, poucos são os autores que têm investigado os efeitos do treinamento aeróbio. Objetivo: Avaliar os efeitos de um treinamento aeróbio na capacidade funcional e na qualidade de vida (QDV) de indivíduos com seqüelas decorrentes do AVC na fase crônica. Casuística e Método: Foram avaliados dois participantes, um do sexo masculino e um do feminino, que foram recrutados na Clínica Escola do Centro Universitário Newton Paiva, em Belo Horizonte/MG. A capacidade funcional foi avaliada pelo Teste de Caminhada de 6 minutos e a percepção da QV pelo instrumento Perfil de Saúde de Nottingham (PSN), aplicados antes da intervenção, na 10ª, 20ª, 30ª e 40ª sessões. Resultados e Discussão: A redução tanto da distância quanto da velocidade de caminhada estão geralmente associadas a alterações de equilíbrio, fraqueza muscular e descondicionamento físico. Neste estudo houve aumento da distância caminhada dos dois participantes sugerindo melhora da capacidade funcional. Também houve redução no escore do PSN que também sugere uma melhor QV após o protocolo de reabilitação. Conclusão: Os participantes do estudo apresentaram melhora da capacidade funcional e alteraram positivamente a percepção da QV após programa de treinamento aeróbio. Para generalização dos resultados para a população com seqüelas decorrentes do AVC na fase crônica são necessários estudos com casuística maior. </subfield>
</datafield>
<datafield tag="260" ind1=" " ind2=" ">
<subfield code="b">Faculdade de Medicina, Universidade de São Paulo</subfield>
</datafield>
<dataField tag="260" ind1=" " ind2=" ">
<subfield code="c">2005-12-09 00:00:00</subfield>
</dataField>   <datafield tag="856" ind1=" " ind2=" ">
<subfield code="q">application/pdf</subfield>
</datafield>
<datafield tag="856" ind1="4" ind2="0">
<subfield code="u">https://www.revistas.usp.br/actafisiatrica/article/view/102531</subfield>
</datafield>  <datafield tag="786" ind1="0" ind2=" ">
<subfield code="n">Acta Fisiátrica; v. 12 n. 3 (2005)</subfield>
</datafield>  <datafield tag="546" ind1=" " ind2=" ">
<subfield code="a">por</subfield>
</datafield>   <datafield tag="540" ind1=" " ind2=" ">
<subfield code="a">Copyright (c) 2005 Acta Fisiátrica</subfield>
</datafield>
</record>
</metadata>
</record>