
<record>
<header>
<identifier>oai:revistas.usp.br:article/102532</identifier>
<datestamp>2020-08-15T21:29:17Z</datestamp>
<setSpec>actafisiatrica:Art.+Rev.</setSpec>
<setSpec>driver</setSpec>
</header>
<metadata>
<record xmlns="http://www.loc.gov/MARC21/slim" xmlns:xsi="http://www.w3.org/2001/XMLSchema-instance" xsi:schemaLocation="http://www.loc.gov/MARC21/slim http://www.loc.gov/standards/marcxml/schema/MARC21slim.xsd">
<leader>     nmb a2200000Iu 4500</leader>
<controlfield tag="008">"051209 2005                        eng  "</controlfield>
<datafield tag="022" ind1="#" ind2="#">
<subfield code="$a">2317-0190</subfield>
</datafield>
<datafield tag="022" ind1="#" ind2="#">
<subfield code="$a">0104-7795</subfield>
</datafield>
<datafield tag="042" ind1=" " ind2=" ">
<subfield code="a">dc</subfield>
</datafield>
<datafield tag="245" ind1="0" ind2="0">
<subfield code="a">Esclerose múltipla e exercício físico</subfield>
</datafield>  <datafield tag="720" ind1="1" ind2=" ">
<subfield code="a">Furtado, Otávio Luis Piva da Cunha</subfield>
<subfield code="u">Universidade Estadual de Campinas. Departamento de Estudos da Atividade Física Adaptada</subfield></datafield>
<datafield tag="720" ind1="1" ind2=" ">
<subfield code="a">Tavares, Maria da Consolação Gomes Cunha Fernandes</subfield>
<subfield code="u">Universidade Estadual de Campinas. Departamento de Estudos da Atividade Física Adaptada</subfield></datafield>
<datafield tag="520" ind1=" " ind2=" ">
<subfield code="a"> A esclerose múltipla é uma doença neurológica crônica de origem desconhecida, caracterizada por lesões axonais e áreas de desmielinização do sistema nervoso central. Nessa doença, a incapacidade física e uma série de sintomas estão relacionados ao comprometimento de sistemas funcionais e ao desuso. O tratamento geralmente inclui o uso de imunomoduladores e imunossupressores, que são capazes de retardar, mas não interromper sua progressão. Nas duas últimas décadas, programas incluindo exercícios de fortalecimento muscular, exercícios aeróbios, atividades em meio aquático e ioga têm se mostrado seguros e eficazes para pessoas com esclerose múltipla. A partir de revisão bibliográfica, discutiremos essas pesquisas e seu impacto em aspectos relevantes da doença como as alterações da força muscular, fadiga, espasticidade, depressão e a reação anormal ao calor. </subfield>
</datafield>
<datafield tag="260" ind1=" " ind2=" ">
<subfield code="b">Faculdade de Medicina, Universidade de São Paulo</subfield>
</datafield>
<dataField tag="260" ind1=" " ind2=" ">
<subfield code="c">2005-12-09 00:00:00</subfield>
</dataField>   <datafield tag="856" ind1=" " ind2=" ">
<subfield code="q">application/pdf</subfield>
</datafield>
<datafield tag="856" ind1="4" ind2="0">
<subfield code="u">https://www.revistas.usp.br/actafisiatrica/article/view/102532</subfield>
</datafield>  <datafield tag="786" ind1="0" ind2=" ">
<subfield code="n">Acta Fisiátrica; v. 12 n. 3 (2005)</subfield>
</datafield>  <datafield tag="546" ind1=" " ind2=" ">
<subfield code="a">por</subfield>
</datafield>   <datafield tag="540" ind1=" " ind2=" ">
<subfield code="a">Copyright (c) 2005 Acta Fisiátrica</subfield>
</datafield>
</record>
</metadata>
</record>