
<record>
<header>
<identifier>oai:revistas.usp.br:article/102533</identifier>
<datestamp>2020-08-15T21:29:10Z</datestamp>
<setSpec>actafisiatrica:Rel.+Caso</setSpec>
<setSpec>driver</setSpec>
</header>
<metadata>
<record xmlns="http://www.loc.gov/MARC21/slim" xmlns:xsi="http://www.w3.org/2001/XMLSchema-instance" xsi:schemaLocation="http://www.loc.gov/MARC21/slim http://www.loc.gov/standards/marcxml/schema/MARC21slim.xsd">
<leader>     nmb a2200000Iu 4500</leader>
<controlfield tag="008">"051209 2005                        eng  "</controlfield>
<datafield tag="022" ind1="#" ind2="#">
<subfield code="$a">2317-0190</subfield>
</datafield>
<datafield tag="022" ind1="#" ind2="#">
<subfield code="$a">0104-7795</subfield>
</datafield>
<datafield tag="042" ind1=" " ind2=" ">
<subfield code="a">dc</subfield>
</datafield>
<datafield tag="245" ind1="0" ind2="0">
<subfield code="a">A influência da negligência unilateral no desempenho de atividades de vida cotidiana: relato de 3 casos</subfield>
</datafield>  <datafield tag="720" ind1="1" ind2=" ">
<subfield code="a">Tsukimoto, Denise Rodrigues</subfield>
<subfield code="u">Divisão de Medicina de Reabilitação - HCFMUSP</subfield></datafield>
<datafield tag="720" ind1="1" ind2=" ">
<subfield code="a">Valester, Gabriela Antunes</subfield>
<subfield code="u">Divisão de Medicina de Reabilitação - HCFMUSP</subfield></datafield>
<datafield tag="520" ind1=" " ind2=" ">
<subfield code="a"> A negligência unilateral é descrita como uma limitação na habilidade de direcionar, responder ou orientar-se frente a estímulos apresentados no lado oposto ao da lesão cerebral, freqüentemente se manifestando através de sistemas sensoriais variados, incluindo os sistemas visual, somatosensorial e auditivo e é diagnosticada quando esta habilidade diminuída não pode ser atribuída a déficits motores ou sensitivos. O objetivo deste estudo é analisar e discutir as implicações deste acometimento influenciando o desempenho das atividades de vida cotidiana, através da realização de três relatos de caso e análise da atividade de alimentação, resultando no desenvolvimento de uma versão inicial de um protocolo para análise de atividade específica para quadros de negligência unilateral. </subfield>
</datafield>
<datafield tag="260" ind1=" " ind2=" ">
<subfield code="b">Faculdade de Medicina, Universidade de São Paulo</subfield>
</datafield>
<dataField tag="260" ind1=" " ind2=" ">
<subfield code="c">2005-12-09 00:00:00</subfield>
</dataField>   <datafield tag="856" ind1=" " ind2=" ">
<subfield code="q">application/pdf</subfield>
</datafield>
<datafield tag="856" ind1="4" ind2="0">
<subfield code="u">https://www.revistas.usp.br/actafisiatrica/article/view/102533</subfield>
</datafield>  <datafield tag="786" ind1="0" ind2=" ">
<subfield code="n">Acta Fisiátrica; v. 12 n. 3 (2005)</subfield>
</datafield>  <datafield tag="546" ind1=" " ind2=" ">
<subfield code="a">por</subfield>
</datafield>   <datafield tag="540" ind1=" " ind2=" ">
<subfield code="a">Copyright (c) 2005 Acta Fisiátrica</subfield>
</datafield>
</record>
</metadata>
</record>