
<record>
<header>
<identifier>oai:revistas.usp.br:article/102534</identifier>
<datestamp>2020-08-15T21:29:06Z</datestamp>
<setSpec>actafisiatrica:Rel.+Caso</setSpec>
<setSpec>driver</setSpec>
</header>
<metadata>
<record xmlns="http://www.loc.gov/MARC21/slim" xmlns:xsi="http://www.w3.org/2001/XMLSchema-instance" xsi:schemaLocation="http://www.loc.gov/MARC21/slim http://www.loc.gov/standards/marcxml/schema/MARC21slim.xsd">
<leader>     nmb a2200000Iu 4500</leader>
<controlfield tag="008">"051209 2005                        eng  "</controlfield>
<datafield tag="022" ind1="#" ind2="#">
<subfield code="$a">2317-0190</subfield>
</datafield>
<datafield tag="022" ind1="#" ind2="#">
<subfield code="$a">0104-7795</subfield>
</datafield>
<datafield tag="042" ind1=" " ind2=" ">
<subfield code="a">dc</subfield>
</datafield>
<datafield tag="245" ind1="0" ind2="0">
<subfield code="a">Avaliação objetiva da síndrome dolorosa miofascial: uso da termografia antes e após tratamento associando mesoterapia a bloqueio anestésico</subfield>
</datafield>  <datafield tag="720" ind1="1" ind2=" ">
<subfield code="a">Balbinot, Luciane Fachin</subfield>
</datafield>
<datafield tag="720" ind1="1" ind2=" ">
<subfield code="a">Vieira, Luiz Rosa</subfield>
</datafield>
<datafield tag="520" ind1=" " ind2=" ">
<subfield code="a"> A Síndrome miofascial é um diagnóstico comum em pacientes com dor segmentar. As queixas costumam ser inespecíficas; o uso da técnica de Fischer associando algometria de pressão e técnicas especiais de palpação auxiliam a identificar os pontos gatilhos ativos. A mesoterapia (intradermoterapia) mostra-se muitas vezes mais eficaz quando associada às técnicas de bloqueio paraespinal e bloqueio de pontos gatilhos com lidocaína. O resultado deste tratamento pode ser documentado através da termografia, além dos meios clínicos já citados. O padrão de cores (vermelho a verde, no caso da imagem colorida ou tons de cinza na imagem em preto e branco) indica gradiente de temperatura. Neste estudo, descrevemos o caso clinico de uma paciente feminina, de 54 anos de idade, com queixa de dor severa em região cervical, referida ao membro superior direito. A mesma foi tratada com mesoterapia associada a bloqueio paraespinal e bloqueio de pontos-gatilho ativos e o resultado deste tratamento foi avaliado clinicamente e pela termografia 25 minutos após e 03 dias após o tratamento. Os autores concluíram que a termografia é um método promissor na avaliação da dor miofascial. Mais estudos são necessários para usar a termografia como método auxiliar na triagem de casos de LER/DORT, visto que, em nossa experiência, é freqüente a associação desta síndrome, como fator agravante. </subfield>
</datafield>
<datafield tag="260" ind1=" " ind2=" ">
<subfield code="b">Faculdade de Medicina, Universidade de São Paulo</subfield>
</datafield>
<dataField tag="260" ind1=" " ind2=" ">
<subfield code="c">2005-12-09 00:00:00</subfield>
</dataField>   <datafield tag="856" ind1=" " ind2=" ">
<subfield code="q">application/pdf</subfield>
</datafield>
<datafield tag="856" ind1="4" ind2="0">
<subfield code="u">https://www.revistas.usp.br/actafisiatrica/article/view/102534</subfield>
</datafield>  <datafield tag="786" ind1="0" ind2=" ">
<subfield code="n">Acta Fisiátrica; v. 12 n. 3 (2005)</subfield>
</datafield>  <datafield tag="546" ind1=" " ind2=" ">
<subfield code="a">por</subfield>
</datafield>   <datafield tag="540" ind1=" " ind2=" ">
<subfield code="a">Copyright (c) 2005 Acta Fisiátrica</subfield>
</datafield>
</record>
</metadata>
</record>