
<record>
<header>
<identifier>oai:revistas.usp.br:article/102535</identifier>
<datestamp>2020-08-15T21:33:23Z</datestamp>
<setSpec>actafisiatrica:Art.+Rev.</setSpec>
<setSpec>driver</setSpec>
</header>
<metadata>
<record xmlns="http://www.loc.gov/MARC21/slim" xmlns:xsi="http://www.w3.org/2001/XMLSchema-instance" xsi:schemaLocation="http://www.loc.gov/MARC21/slim http://www.loc.gov/standards/marcxml/schema/MARC21slim.xsd">
<leader>     nmb a2200000Iu 4500</leader>
<controlfield tag="008">"060409 2006                        eng  "</controlfield>
<datafield tag="022" ind1="#" ind2="#">
<subfield code="$a">2317-0190</subfield>
</datafield>
<datafield tag="022" ind1="#" ind2="#">
<subfield code="$a">0104-7795</subfield>
</datafield>
<datafield tag="042" ind1=" " ind2=" ">
<subfield code="a">dc</subfield>
</datafield>
<datafield tag="245" ind1="0" ind2="0">
<subfield code="a">Discussão crítica sobre o uso da água como facilitação, resistência ou suporte na hidrocinesioterapia</subfield>
</datafield>  <datafield tag="720" ind1="1" ind2=" ">
<subfield code="a">Candeloro, Juliana Monteiro</subfield>
<subfield code="u">Universidade de São Paulo. Faculdade de Medicina</subfield></datafield>
<datafield tag="720" ind1="1" ind2=" ">
<subfield code="a">Caromano, Fátima Aparecida</subfield>
<subfield code="u">Universidade de São Paulo. Faculdade de Medicina</subfield></datafield>
<datafield tag="520" ind1=" " ind2=" ">
<subfield code="a"> A hidrocinesioterapia é um recurso fisioterapêutico que utiliza os efeitos fisiológicos decorrentes da imersão em água aquecida, dentre eles a flutuação e a viscosidade que fazem com que as atividades motoras possam ser facilitadas, resistidas ou ofereçam suporte ao corpo ou seus segmento. Nesta revisão discute-se a prática de atividades motoras nestas três situações, enfocando o decúbito correto a ser utilizado para um determinado objetivo terapêutico e como os equipamentos aquáticos podem oferecer progressão no grau de dificuldade para diferentes atividades motoras. </subfield>
</datafield>
<datafield tag="260" ind1=" " ind2=" ">
<subfield code="b">Faculdade de Medicina, Universidade de São Paulo</subfield>
</datafield>
<dataField tag="260" ind1=" " ind2=" ">
<subfield code="c">2006-04-09 00:00:00</subfield>
</dataField>   <datafield tag="856" ind1=" " ind2=" ">
<subfield code="q">application/pdf</subfield>
</datafield>
<datafield tag="856" ind1=" " ind2=" ">
<subfield code="q">application/pdf</subfield>
</datafield>
<datafield tag="856" ind1="4" ind2="0">
<subfield code="u">https://www.revistas.usp.br/actafisiatrica/article/view/102535</subfield>
</datafield>  <datafield tag="786" ind1="0" ind2=" ">
<subfield code="n">Acta Fisiátrica; v. 13 n. 1 (2006)</subfield>
</datafield>  <datafield tag="546" ind1=" " ind2=" ">
<subfield code="a">por</subfield>
</datafield>   <datafield tag="540" ind1=" " ind2=" ">
<subfield code="a">Copyright (c) 2006 Acta Fisiátrica</subfield>
</datafield>
</record>
</metadata>
</record>