
<record>
<header>
<identifier>oai:revistas.usp.br:article/102569</identifier>
<datestamp>2020-08-15T21:33:34Z</datestamp>
<setSpec>actafisiatrica:Art.+Orig.</setSpec>
<setSpec>driver</setSpec>
</header>
<metadata>
<record xmlns="http://www.loc.gov/MARC21/slim" xmlns:xsi="http://www.w3.org/2001/XMLSchema-instance" xsi:schemaLocation="http://www.loc.gov/MARC21/slim http://www.loc.gov/standards/marcxml/schema/MARC21slim.xsd">
<leader>     nmb a2200000Iu 4500</leader>
<controlfield tag="008">"060409 2006                        eng  "</controlfield>
<datafield tag="022" ind1="#" ind2="#">
<subfield code="$a">2317-0190</subfield>
</datafield>
<datafield tag="022" ind1="#" ind2="#">
<subfield code="$a">0104-7795</subfield>
</datafield>
<datafield tag="042" ind1=" " ind2=" ">
<subfield code="a">dc</subfield>
</datafield>
<datafield tag="245" ind1="0" ind2="0">
<subfield code="a">Identificação de fatores associados às úlceras por pressão em indivíduos paraplégicos relacionados às atividades de lazer</subfield>
</datafield>  <datafield tag="720" ind1="1" ind2=" ">
<subfield code="a">Leite, Valéria Barreto Esteves</subfield>
<subfield code="u">Hospital Abreu Sodré</subfield></datafield>
<datafield tag="720" ind1="1" ind2=" ">
<subfield code="a">Faro, Ana Cristina Mancussi</subfield>
<subfield code="u">Universidade de São Paulo. Escola de Enfermagem</subfield></datafield>
<datafield tag="520" ind1=" " ind2=" ">
<subfield code="a"> As lesões da medula espinhal trazem como conseqüência o déficit motor e sensitivo, abaixo do nível lesionado além de disfunções vasomotoras e alterações autonômicas, entre outras. A úlcera por pressão (UP) é uma das mais freqüentes e graves conseqüências da lesão medular, ainda observada na maioria dos indivíduos paraplégicos. O objetivo deste estudo foi identificar os fatores associados à úlcera por pressão em indivíduos paraplégicos com lesão nível T6 ou abaixo, relacionados à prevenção de UP e atividades de lazer. A pesquisa foi realizada na triagem de um centro de reabilitação no município de São Paulo, junto a 35 indivíduos paraplégicos. Deste total (35) 90,32% eram do sexo masculino, 22,58% deles com idade maior do que 53 anos, com tempo de paraplegia entre 1 e 3 anos para 45,16 e etiologia traumática da paraplegia para 83,87% dos casos. O uso da televisão e vídeo foi a atividade de lazer mais citada (67,74%). Verificou-se que em 70,0% dos casos as atividades de lazer eram mais passivas e as mais ativas em 18,18%, sendo o aparecimento de UP para mais ativos. Auto-exame de pele e mudança de decúbito as medidas mais citadas. Uma abordagem holística por parte dos profissionais reabilitadores é de fundamental importância para a eficácia da prevenção de UP, sendo a triagem uma oportunidade terapêutica positiva para a prevenção de UP. </subfield>
</datafield>
<datafield tag="260" ind1=" " ind2=" ">
<subfield code="b">Faculdade de Medicina, Universidade de São Paulo</subfield>
</datafield>
<dataField tag="260" ind1=" " ind2=" ">
<subfield code="c">2006-04-09 00:00:00</subfield>
</dataField>   <datafield tag="856" ind1=" " ind2=" ">
<subfield code="q">application/pdf</subfield>
</datafield>
<datafield tag="856" ind1=" " ind2=" ">
<subfield code="q">application/pdf</subfield>
</datafield>
<datafield tag="856" ind1="4" ind2="0">
<subfield code="u">https://www.revistas.usp.br/actafisiatrica/article/view/102569</subfield>
</datafield>  <datafield tag="786" ind1="0" ind2=" ">
<subfield code="n">Acta Fisiátrica; v. 13 n. 1 (2006)</subfield>
</datafield>  <datafield tag="546" ind1=" " ind2=" ">
<subfield code="a">por</subfield>
</datafield>   <datafield tag="540" ind1=" " ind2=" ">
<subfield code="a">Copyright (c) 2006 Acta Fisiátrica</subfield>
</datafield>
</record>
</metadata>
</record>