
<record>
<header>
<identifier>oai:revistas.usp.br:article/102572</identifier>
<datestamp>2020-08-15T21:34:14Z</datestamp>
<setSpec>actafisiatrica:Art.+Orig.</setSpec>
<setSpec>driver</setSpec>
</header>
<metadata>
<record xmlns="http://www.loc.gov/MARC21/slim" xmlns:xsi="http://www.w3.org/2001/XMLSchema-instance" xsi:schemaLocation="http://www.loc.gov/MARC21/slim http://www.loc.gov/standards/marcxml/schema/MARC21slim.xsd">
<leader>     nmb a2200000Iu 4500</leader>
<controlfield tag="008">"060409 2006                        eng  "</controlfield>
<datafield tag="022" ind1="#" ind2="#">
<subfield code="$a">2317-0190</subfield>
</datafield>
<datafield tag="022" ind1="#" ind2="#">
<subfield code="$a">0104-7795</subfield>
</datafield>
<datafield tag="042" ind1=" " ind2=" ">
<subfield code="a">dc</subfield>
</datafield>
<datafield tag="245" ind1="0" ind2="0">
<subfield code="a">Evolução da independência funcional de idosos atendidos em programa de assistência domiciliária pela óptica do cuidador</subfield>
</datafield>  <datafield tag="720" ind1="1" ind2=" ">
<subfield code="a">Ricci, Natalia Aquaroni</subfield>
<subfield code="u">Universidade Estadual de Campinas</subfield></datafield>
<datafield tag="720" ind1="1" ind2=" ">
<subfield code="a">Lemos, Naira Dutra</subfield>
<subfield code="u">Universidade Federal de São Paulo</subfield></datafield>
<datafield tag="720" ind1="1" ind2=" ">
<subfield code="a">Orrico, Karine Fróes</subfield>
<subfield code="u">Universidade Federal de São Paulo</subfield></datafield>
<datafield tag="720" ind1="1" ind2=" ">
<subfield code="a">Gazzola, Juliana Maria</subfield>
<subfield code="u">Universidade Federal de São Paulo</subfield></datafield>
<datafield tag="520" ind1=" " ind2=" ">
<subfield code="a"> O conhecimento do desempenho do idoso em suas atividades é de grande importância na assistência domiciliar, pois é o que norteia os profissionais e o cuidador no monitoramento dos cuidados prestados. O objetivo deste estudo foi avaliar a evolução da independência funcional de idosos inclusos em um programa de assistência domiciliária, sob a ótica do cuidador pela Medida de Independência Funcional (MIF), em dois momentos, com intervalo de um ano entre eles. Foi realizado estudo de seguimento, no qual os dados foram obtidos pelos prontuários de 22 pacientes, que continham a avaliação da MIF nos dois momentos estudados (outubro de 2003 e outubro de 2004). Foram excluídos os prontuários que apresentaram mudança de cuidador entre as avaliações, exclusão do programa e óbito. Realizou-se análise descritiva simples e para verificar as diferenças estatísticas o teste t-pareado e teste de Wilcoxon. A associação dos resultados da MIF com as variáveis de gênero, idade e comorbidades dos idosos foram analisadas por meio do test t - pareado e correlação de Pearson. A amostra caracterizou-se por uma maioria feminina, com idade avançada e múltiplas doenças associadas. Não foram encontradas diferenças significantes entre as avaliações, das médias da MIF motor, cognitivo e total, das medianas das seis áreas e das dezoito atividades da MIF. A manutenção na atividade expressão se associou com o gênero feminino, enquanto que a atividade interação social e a área cognição com o número de comorbidades. Observou-se manutenção da independência funcional dos pacientes no período estudado. Os resultados sugerem que no período de um ano os idosos foram capazes de manter ou retardar seu declínio funcional. </subfield>
</datafield>
<datafield tag="260" ind1=" " ind2=" ">
<subfield code="b">Faculdade de Medicina, Universidade de São Paulo</subfield>
</datafield>
<dataField tag="260" ind1=" " ind2=" ">
<subfield code="c">2006-04-09 00:00:00</subfield>
</dataField>   <datafield tag="856" ind1=" " ind2=" ">
<subfield code="q">application/pdf</subfield>
</datafield>
<datafield tag="856" ind1=" " ind2=" ">
<subfield code="q">application/pdf</subfield>
</datafield>
<datafield tag="856" ind1="4" ind2="0">
<subfield code="u">https://www.revistas.usp.br/actafisiatrica/article/view/102572</subfield>
</datafield>  <datafield tag="786" ind1="0" ind2=" ">
<subfield code="n">Acta Fisiátrica; v. 13 n. 1 (2006)</subfield>
</datafield>  <datafield tag="546" ind1=" " ind2=" ">
<subfield code="a">por</subfield>
</datafield>   <datafield tag="540" ind1=" " ind2=" ">
<subfield code="a">Copyright (c) 2006 Acta Fisiátrica</subfield>
</datafield>
</record>
</metadata>
</record>