
<record>
<header>
<identifier>oai:revistas.usp.br:article/102574</identifier>
<datestamp>2020-08-15T21:33:58Z</datestamp>
<setSpec>actafisiatrica:Art.+Orig.</setSpec>
<setSpec>driver</setSpec>
</header>
<metadata>
<record xmlns="http://www.loc.gov/MARC21/slim" xmlns:xsi="http://www.w3.org/2001/XMLSchema-instance" xsi:schemaLocation="http://www.loc.gov/MARC21/slim http://www.loc.gov/standards/marcxml/schema/MARC21slim.xsd">
<leader>     nmb a2200000Iu 4500</leader>
<controlfield tag="008">"060409 2006                        eng  "</controlfield>
<datafield tag="022" ind1="#" ind2="#">
<subfield code="$a">2317-0190</subfield>
</datafield>
<datafield tag="022" ind1="#" ind2="#">
<subfield code="$a">0104-7795</subfield>
</datafield>
<datafield tag="042" ind1=" " ind2=" ">
<subfield code="a">dc</subfield>
</datafield>
<datafield tag="245" ind1="0" ind2="0">
<subfield code="a">Confiabilidade de dois métodos de avaliação da amplitude de movimento ativa de dorsiflexão do tornozelo em indivíduos saudáveis</subfield>
</datafield>  <datafield tag="720" ind1="1" ind2=" ">
<subfield code="a">Venturini, Claudia</subfield>
<subfield code="u">Pontifícia Universidade Católica de Minas Gerais</subfield></datafield>
<datafield tag="720" ind1="1" ind2=" ">
<subfield code="a">André, Alex</subfield>
<subfield code="u">Pontifícia Universidade Católica de Minas Gerais</subfield></datafield>
<datafield tag="720" ind1="1" ind2=" ">
<subfield code="a">Aguilar, Bruna Prates</subfield>
<subfield code="u">Pontifícia Universidade Católica de Minas Gerais</subfield></datafield>
<datafield tag="720" ind1="1" ind2=" ">
<subfield code="a">Giacomelli, Bruno</subfield>
<subfield code="u">Pontifícia Universidade Católica de Minas Gerais</subfield></datafield>
<datafield tag="520" ind1=" " ind2=" ">
<subfield code="a"> A medida da amplitude do movimento é um importante parâmetro utilizado na avaliação e no acompanhamento fisioterápico. Portanto, a confiabilidade destas medidas e dos instrumentos utilizados para esta finalidade deve ser avaliada. Objetivo: Avaliar e comparar a confiabilidade intra-examinador e interexaminador da medida de amplitude do movimento (ADM) de dorsiflexão ativa do tornozelo utilizando um goniômetro universal e um inclinômetro digital. Métodos: Dois estudantes avaliaram a amplitude de dorsiflexão de 28 voluntários com idade entre 18 e 30 anos utilizando um inclinômetro digital e um goniômetro universal. Resultados: Os resultados demonstram média e desvio padrão da amplitude do movimento de 18,1±3,1 e 18,6±3,8 graus para as medidas obtidas pelo goniômetro e inclinômetro, respectivamente. O coeficiente de correlação intraclasse (CCI) encontrado para a condição na mesma sessão para as medidas obtidas com o inclinômetro foi de 0.91 e 0.83, para os examinadores A e B, respectivamente. Já o CCI obtido pelo goniômetro foi de 0.91 e 0.97 para os examinadores A e B, respectivamente. Os resultados da confiabilidade entre as sessões de teste demonstraram confiabilidade moderada para as medidas de goniometria e alta confiabilidade para a inclinometria. Já a confiabilidade interexaminador foi moderada para as medidas obtidas pelo goniômetro e alta para as medidas obtidas pelo inclinômetro. Conclusão: Os resultados do presente estudo demonstraram uma maior confiabilidade para as medidas de amplitude de movimento obtidas pelo inclinômetro digital quando comparado com o goniômetro universal, principalmente quando a confiabilidade interexaminador foi avaliada. </subfield>
</datafield>
<datafield tag="260" ind1=" " ind2=" ">
<subfield code="b">Faculdade de Medicina, Universidade de São Paulo</subfield>
</datafield>
<dataField tag="260" ind1=" " ind2=" ">
<subfield code="c">2006-04-09 00:00:00</subfield>
</dataField>   <datafield tag="856" ind1=" " ind2=" ">
<subfield code="q">application/pdf</subfield>
</datafield>
<datafield tag="856" ind1=" " ind2=" ">
<subfield code="q">application/pdf</subfield>
</datafield>
<datafield tag="856" ind1="4" ind2="0">
<subfield code="u">https://www.revistas.usp.br/actafisiatrica/article/view/102574</subfield>
</datafield>  <datafield tag="786" ind1="0" ind2=" ">
<subfield code="n">Acta Fisiátrica; v. 13 n. 1 (2006)</subfield>
</datafield>  <datafield tag="546" ind1=" " ind2=" ">
<subfield code="a">por</subfield>
</datafield>   <datafield tag="540" ind1=" " ind2=" ">
<subfield code="a">Copyright (c) 2006 Acta Fisiátrica</subfield>
</datafield>
</record>
</metadata>
</record>
<resumptionToken expirationDate="2023-08-08T14:49:59Z" completeListSize="935" cursor="175">6f9a8b882b6757b38a5396c7a30019ab</resumptionToken>
</ListRecords>
</OAI-PMH> 